
@incollection{Abraham2014,
  title = {The Family {{{\emph{Hyphomonadaceae}}}}},
  booktitle = {The {{Prokaryotes}}: {{Alphaproteobacteria}} and {{Betaproteobacteria}}},
  author = {Abraham, Wolf Rainer and Rohde, Manfred},
  editor = {Rosenberg, Eugene and DeLong, Edward F. and Lory, Stephen and Stackebrandt, Erko and Thompson, Fabiano},
  date = {2014-08},
  volume = {9783642301},
  pages = {283--299},
  publisher = {{Springer-Verlag}},
  location = {{Berlin, Heidelberg}},
  doi = {10.1007/978-3-642-30197-1_260},
  isbn = {978-3-642-30197-1}
}

@article{Agostini2003,
  title = {Growth and Primary Production of  {{{\emph{Cymodocea nodosa}}}} in a Coastal Lagoon},
  author = {Agostini, Sylvia and Pergent, G\'erard and Marchand, Bernard},
  date = {2003-07-01},
  journaltitle = {Aquat. Bot.},
  volume = {76},
  pages = {185--193},
  issn = {0304-3770},
  doi = {10.1016/S0304-3770(03)00049-4},
  keywords = {Biomass,Density,Mediterranean lagoon,Primary production,Seagrass},
  langid = {english},
  number = {3}
}

@article{Aires2013,
  title = {Invasion Is a Community Affair: {{Clandestine}} Followers in the Bacterial Community Associated to Green Algae, {{{\emph{Caulerpa racemosa}}}}, Track the Invasion Source},
  author = {Aires, Tania and Serr\~ao, Ester A and Kendrick, Gary and Duarte, Carlos M and Arnaud-Haond, Sophie},
  editor = {Verbruggen, Heroen},
  date = {2013-07},
  journaltitle = {PLoS One},
  volume = {8},
  pages = {e68429},
  issn = {1932-6203},
  doi = {10.1371/journal.pone.0068429},
  issue = {7},
  number = {7}
}

@article{Aires2015,
  title = {Hologenome Theory Supported by Cooccurrence Networks of Species-Specific Bacterial Communities in Siphonous Algae ({{{\emph{Caulerpa}}}})},
  author = {Aires, Tania and Moalic, Yann and Serrao, Ester A. and Arnaud-Haond, Sophie},
  editor = {Marchesi, Julian},
  date = {2015-07},
  journaltitle = {FEMS Microbiol. Ecol.},
  volume = {91},
  pages = {fiv067},
  publisher = {{Oxford University Press}},
  issn = {1574-6941},
  doi = {10.1093/femsec/fiv067},
  issue = {7},
  keywords = {Bacterial community,Coevolution,Cooccurrence network,Endophytic bacteria,Modularity},
  number = {7}
}

@software{Allaire2019,
  title = {{{rmarkdown}}: Dynamic Documents for {{R}}},
  author = {Allaire, J J and Xie, Yihui and McPherson, Jonathan and Luraschi, Javier and Ushey, Kevin and Atkins, Aron and Wickham, Hadley and Cheng, Joe and Chang, Winston and Iannone, Richard},
  date = {2019}
}

@article{Apprill2015,
  title = {Minor Revision to {{V4}} Region {{SSU rRNA 806R}} Gene Primer Greatly Increases Detection of {{SAR11}} Bacterioplankton},
  author = {Apprill, A and McNally, S and Parsons, R and Weber, L},
  date = {2015-06},
  journaltitle = {Aquat. Microb. Ecol.},
  volume = {75},
  pages = {129--137},
  issn = {0948-3055},
  doi = {10.3354/ame01753},
  issue = {2},
  number = {2}
}

@article{Armstrong2000,
  title = {The Abundance of Heterotrophic Protists Associated with Intertidal Seaweeds},
  author = {Armstrong, E. and Rogerson, A. and Leftley, J.W.},
  date = {2000-03},
  journaltitle = {Estuar. Coast. Shelf Sci.},
  volume = {50},
  pages = {415--424},
  publisher = {{Academic Press}},
  issn = {0272-7714},
  doi = {10.1006/ECSS.1999.0577},
  issue = {3},
  number = {3}
}

@article{Avci2017,
  title = {Genomic and Physiological Analyses of `{{{\emph{Reinekea forsetii}}' reveal a versatile opportunistic lifestyle during spring algae blooms}}},
  author = {Avc\i, Burak and Hahnke, Richard L. and Chafee, Meghan and Fischer, Tanja and Gruber-Vodicka, Harald and Tegetmeyer, Halina E. and Harder, Jens and Fuchs, Bernhard M. and Amann, Rudolf I. and Teeling, Hanno},
  date = {2017},
  journaltitle = {Environ. Microbiol.},
  volume = {19},
  pages = {1209--1221},
  issn = {1462-2920},
  doi = {10.1111/1462-2920.13646},
  langid = {english},
  number = {3}
}

@article{Bengtsson2010,
  title = {Seasonal Dynamics of Bacterial Biofilms on the Kelp {{{\emph{Laminaria hyperborea}}}}},
  author = {Bengtsson, MM and Sj\o tun, K and \O vre\aa s, Lise},
  date = {2010-05},
  journaltitle = {Aquat. Microb. Ecol.},
  volume = {60},
  pages = {71--83},
  issn = {0948-3055},
  doi = {10.3354/ame01409},
  issue = {1},
  number = {1}
}

@article{Bengtsson2012,
  title = {Bacterial Diversity in Relation to Secondary Production and Succession on Surfaces of the Kelp {{{\emph{Laminaria hyperborea}}}}},
  author = {Bengtsson, Mia M. and Sj\o tun, Kjersti and Lanz\'en, Anders and \O vre\aa s, Lise},
  date = {2012-12},
  journaltitle = {ISME J.},
  volume = {6},
  pages = {2188--2198},
  publisher = {{Nature Publishing Group}},
  issn = {1751-7370},
  doi = {10.1038/ismej.2012.67},
  issue = {12},
  langid = {english},
  number = {12}
}

@book{Borcard2011,
  title = {Numerical Ecology with {{R}}},
  author = {Borcard, Daniel and Gillet, Fran\c{c}ois and Legendre, Pierre},
  date = {2011},
  edition = {1st},
  publisher = {{Springer-Verlag}},
  location = {{New York}},
  doi = {10.1007/978-1-4419-7976-6},
  isbn = {978-1-4419-7976-6},
  langid = {english},
  series = {Use {{R}}!}
}

@article{Borges2015,
  title = {Seasonal and Spatial Variability of Dimethylsulfoniopropionate ({{DMSP}}) in the {{Mediterranean}} Seagrass {{{\emph{Posidonia oceanica}}}}},
  author = {Borges, A. V. and Champenois, W.},
  date = {2015-08},
  journaltitle = {Aquat. Bot.},
  volume = {125},
  pages = {72--79},
  publisher = {{Elsevier}},
  issn = {03043770},
  doi = {10.1016/j.aquabot.2015.05.008},
  keywords = {Dimethylsulfide,Dimethylsulfoniopropionate,Mediterranean sea,Posidonia oceanica}
}

@article{Boudouresque2009,
  title = {Regression of {{Mediterranean}} Seagrasses Caused by Natural Processes and Anthropogenic Disturbances and Stress: A Critical Review},
  shorttitle = {Regression of {{Mediterranean}} Seagrasses Caused by Natural Processes and Anthropogenic Disturbances and Stress},
  author = {Boudouresque, Charles F. and Bernard, Guillaume and Pergent, G\'erard and Shili, Abdessalem and Verlaque, Marc},
  date = {2009-11-01},
  journaltitle = {Botanica Marina},
  volume = {52},
  pages = {395--418},
  publisher = {{Walter de Gruyter}},
  issn = {1437-4323},
  doi = {10.1515/BOT.2009.057},
  langid = {english},
  number = {5}
}

@article{Burke2011,
  title = {Bacterial Community Assembly Based on Functional Genes Rather than Species},
  author = {Burke, Catherine and Steinberg, Peter and Rusch, Doug and Kjelleberg, Staffan and Thomas, Torsten},
  date = {2011-08},
  journaltitle = {Proc. Natl. Acad. Sci. U. S. A.},
  volume = {108},
  pages = {14288--14293},
  issn = {00278424},
  doi = {10.1073/pnas.1101591108},
  issue = {34},
  keywords = {Biofilm,Ecological model,Lateral gene transfer},
  number = {34}
}

@article{Burke2011a,
  title = {Composition, Uniqueness and Variability of the Epiphytic Bacterial Community of the Green Alga {{{\emph{Ulva australis}}}}},
  author = {Burke, Catherine and Thomas, Torsten and Lewis, Matt and Steinberg, Peter and Kjelleberg, Staffan},
  date = {2011-04},
  journaltitle = {ISME J.},
  volume = {5},
  pages = {590--600},
  issn = {1751-7370},
  doi = {10.1038/ismej.2010.164},
  issue = {4},
  number = {4}
}

@article{Burns2004,
  title = {Microbial Diversity of Extant Stromatolites in the Hypersaline Marine Environment of {{Shark Bay}}, {{Australia}}},
  author = {Burns, Brendan P. and Goh, Falicia and Allen, Michelle and Neilan, Brett A.},
  date = {2004-10},
  journaltitle = {Environ. Microbiol.},
  volume = {6},
  pages = {1096--1101},
  publisher = {{John Wiley \& Sons, Ltd}},
  issn = {14622912},
  doi = {10.1111/j.1462-2920.2004.00651.x},
  issue = {10},
  number = {10}
}

@article{Caporaso2012,
  title = {Ultra-High-Throughput Microbial Community Analysis on the {{Illumina HiSeq}} and {{MiSeq}} Platforms},
  author = {Caporaso, J Gregory and Lauber, Christian L and Walters, William A and Berg-Lyons, Donna and Huntley, James and Fierer, Noah and Owens, Sarah M and Betley, Jason and Fraser, Louise and Bauer, Markus and Gormley, Niall and Gilbert, Jack A and Smith, Geoff and Knight, Rob},
  date = {2012-08},
  journaltitle = {ISME J.},
  volume = {6},
  pages = {1621--1624},
  issn = {1751-7362},
  doi = {10.1038/ismej.2012.8},
  issue = {8},
  number = {8}
}

@article{Celdran2012,
  title = {Effects of Epibiotic Bacteria on Leaf Growth and Epiphytes of the Seagrass {{{\emph{Posidonia oceanica}}}}},
  author = {Celdr\'an, D. and Espinosa, E. and S\'anchez-Amat, A. and Mar\'in, A.},
  date = {2012-06-07},
  journaltitle = {Mar. Ecol. Prog. Ser.},
  volume = {456},
  pages = {21--27},
  issn = {0171-8630, 1616-1599},
  doi = {10.3354/meps09672},
  keywords = {Biofouling,Epiphytic communities,Marinomonas spp.,Microbiota,Viability},
  langid = {english}
}

@article{Chistoserdova2018,
  title = {Current Trends in Methylotrophy},
  author = {Chistoserdova, Ludmila and Kalyuzhnaya, Marina G.},
  date = {2018-08-01},
  journaltitle = {Trends Microbiol.},
  volume = {26},
  pages = {703--714},
  issn = {0966-842X},
  doi = {10.1016/j.tim.2018.01.011},
  keywords = {lanthanides,methylotrophy,synthetic methylotrophy,XoxF},
  langid = {english},
  number = {8}
}

@article{Crump2008,
  title = {Attached Bacterial Populations Shared by Four Species of Aquatic Angiosperms.},
  author = {Crump, Byron C and Koch, Evamaria W},
  date = {2008-10},
  journaltitle = {Appl. Environ. Microbiol.},
  volume = {74},
  pages = {5948--5957},
  doi = {10.1128/AEM.00952-08},
  issue = {19},
  number = {19}
}

@article{Crump2018,
  title = {Metatranscriptomics and Amplicon Sequencing Reveal Mutualisms in Seagrass Microbiomes},
  author = {Crump, Byron C. and Wojahn, John M. and Tomas, Fiona and Mueller, Ryan S.},
  date = {2018-03},
  journaltitle = {Front. Microbiol.},
  volume = {9},
  pages = {388},
  publisher = {{Frontiers Media S.A.}},
  issn = {1664302X},
  doi = {10.3389/fmicb.2018.00388},
  issue = {MAR},
  keywords = {Diazotroph,DNA,Eelgrass,Estuary,Marine,Microbiology,PCR,Symbiosis},
  number = {MAR}
}

@article{Cucio2016,
  title = {Rhizosphere Microbiomes of European Seagrasses Are Selected by the Plant, but Are Not Species Specific},
  author = {C\'ucio, Catarina and Engelen, Aschwin H. and Costa, Rodrigo and Muyzer, Gerard},
  date = {2016-03},
  journaltitle = {Front. Microbiol.},
  volume = {7},
  pages = {440},
  publisher = {{Frontiers Media S.A.}},
  issn = {1664302X},
  doi = {10.3389/fmicb.2016.00440},
  issue = {MAR},
  keywords = {16S rRNA,Amplicon sequencing,Marine bacteria,Plant-microbe interactions,Rhizosphere,Seagrass microbiome,Sulfur bacteria,Sulfur cycle},
  number = {MAR}
}

@article{Cucio2018,
  title = {Metagenomic Analysis Shows the Presence of Bacteria Related to Free-Living Forms of Sulfur-Oxidizing Chemolithoautotrophic Symbionts in the Rhizosphere of the Seagrass {{{\emph{Zostera marina}}}}},
  author = {C\'ucio, Catarina and Overmars, Lex and Engelen, Aschwin H. and Muyzer, Gerard},
  date = {2018},
  journaltitle = {Front. Mar. Sci.},
  volume = {5},
  pages = {171},
  publisher = {{Frontiers}},
  issn = {2296-7745},
  doi = {10.3389/fmars.2018.00171},
  keywords = {Chemolithoautotrophs,Metagenomics,Plant-Microbe Interactions,rhizobiome,seagrass microbiome,sulfur bacteria,symbionts},
  langid = {english}
}

@article{deOliveira2012,
  title = {Transcriptomic Analysis of the Red Seaweed {{{\emph{Laurencia dendroidea}}}} ({{Florideophyceae}}, {{Rhodophyta}}) and Its Microbiome.},
  author = {de Oliveira, Louisi Souza and Gregoracci, Gustavo Bueno and Silva, Genivaldo Gueiros Zacarias and Salgado, Leonardo Tavares and Filho, Gilberto Amado and Alves-Ferreira, Marcio and Pereira, Renato Crespo and Thompson, Fabiano L},
  date = {2012-09},
  journaltitle = {BMC Genomics},
  volume = {13},
  pages = {487},
  issn = {1471-2164},
  doi = {10.1186/1471-2164-13-487},
  issue = {1},
  number = {1},
  options = {useprefix=true}
}

@article{Dobretsov2002,
  title = {Effect of Bacteria Associated with the Green Alga {{{\emph{Ulva reticulata}}}} on Marine Micro- and Macrofouling},
  author = {Dobretsov, Sergey V. and Qian, Pei-Yuan},
  date = {2002-01-01},
  journaltitle = {Biofouling},
  volume = {18},
  pages = {217--228},
  publisher = {{Taylor \& Francis}},
  issn = {0892-7014},
  doi = {10.1080/08927010290013026},
  keywords = {Biofilm,Biofouling,Epibiotic Bacteria,Larval Metamorphosis,Larval Settlement,Ulva Reticulata},
  number = {3}
}

@article{Dorokhov2018,
  title = {Methanol in Plant Life},
  author = {Dorokhov, Yuri L. and Sheshukova, Ekaterina V. and Komarova, Tatiana V.},
  date = {2018-11-09},
  journaltitle = {Front. Plant Sci.},
  volume = {9},
  pages = {1623},
  issn = {1664-462X},
  doi = {10.3389/fpls.2018.01623},
  pmcid = {PMC6237831}
}

@article{Egan2013,
  title = {The Seaweed Holobiont: Understanding Seaweed-Bacteria Interactions.},
  author = {Egan, Suhelen and Harder, Tilmann and Burke, Catherine and Steinberg, Peter and Kjelleberg, Staffan and Thomas, Torsten},
  date = {2013-05},
  journaltitle = {FEMS Microbiol. Rev.},
  volume = {37},
  pages = {462--476},
  doi = {10.1111/1574-6976.12011},
  issue = {3},
  number = {3}
}

@article{Ettinger2020,
  title = {Fungi, Bacteria and Oomycota Opportunistically Isolated from the Seagrass, {{{\emph{Zostera marina}}}}},
  author = {Ettinger, Cassandra L. and Eisen, Jonathan A.},
  date = {2020-07-22},
  journaltitle = {PLoS One},
  volume = {15},
  pages = {e0236135},
  publisher = {{Public Library of Science}},
  issn = {1932-6203},
  doi = {10.1371/journal.pone.0236135},
  keywords = {Fungal classification,Fungal genetics,Fungi,Oomycetes,Phylogenetics,Ribosomal RNA,Sediment,Vibrio},
  langid = {english},
  number = {7}
}

@article{Gilbert2009,
  title = {The Seasonal Structure of Microbial Communities in the {{Western English Channel}}},
  author = {Gilbert, Jack A. and Field, Dawn and Swift, Paul and Newbold, Lindsay and Oliver, Anna and Smyth, Tim and Somerfield, Paul J. and Huse, Sue and Joint, Ian},
  date = {2009-12},
  journaltitle = {Environ. Microbiol.},
  volume = {11},
  pages = {3132--3139},
  issn = {14622912},
  doi = {10.1111/j.1462-2920.2009.02017.x},
  issue = {12},
  number = {12}
}

@article{Gilbert2012,
  title = {Defining Seasonal Marine Microbial Community Dynamics},
  author = {Gilbert, Jack A and Steele, Joshua A and Caporaso, J Gregory and Steinbr\"uck, Lars and Reeder, Jens and Temperton, Ben and Huse, Susan and McHardy, Alice C and Knight, Rob and Joint, Ian and Somerfield, Paul and Fuhrman, Jed A and Field, Dawn},
  date = {2012-02},
  journaltitle = {ISME J.},
  volume = {6},
  pages = {298--308},
  issn = {1751-7362},
  doi = {10.1038/ismej.2011.107},
  issue = {2},
  number = {2}
}

@article{Higashioka2015,
  title = {Draft Genome Sequence of {{{\emph{Desulfatitalea tepidiphila}}}} {{S28bF}}{{{\textsuperscript{T}}}}},
  author = {Higashioka, Yuriko and Kojima, Hisaya and Watanabe, Tomohiro and Fukui, Manabu},
  date = {2015},
  journaltitle = {Genome Announc.},
  volume = {3},
  pages = {e01326--15},
  publisher = {{American Society for Microbiology}},
  issn = {21698287},
  doi = {10.1128/genomeA.01326-15},
  issue = {6},
  number = {6}
}

@article{Hollants2013,
  title = {What We Can Learn from Sushi: A Review on Seaweed-Bacterial Associations},
  author = {Hollants, Joke and Leliaert, Frederik and De Clerck, Olivier and Willems, Anne},
  date = {2013-01},
  journaltitle = {FEMS Microbiol. Ecol.},
  volume = {83},
  pages = {1--16},
  issn = {01686496},
  doi = {10.1111/j.1574-6941.2012.01446.x},
  keywords = {Bacteria,Diversity,Interaction,Macroalgae,Symbiosis}
}

@article{Holmer2009,
  title = {Deterioration of Sediment Quality in Seagrass Meadows ({{{\emph{Posidonia oceanica}}}}) Invaded by Macroalgae ({{{\emph{Caulerpa}}}} Sp.)},
  author = {Holmer, Marianne and Marb\`a, N\'uria and Lamote, Morgane and Duarte, Carlos M.},
  date = {2009-05-01},
  journaltitle = {Estuaries Coast},
  volume = {32},
  pages = {456--466},
  issn = {1559-2731},
  doi = {10.1007/s12237-009-9133-4},
  langid = {english},
  number = {3}
}

@incollection{Ivanova2014,
  title = {The Family {{{\emph{Granulosicoccaceae}}}}},
  booktitle = {The {{Prokaryotes}}: {{Gammaproteobacteria}}},
  author = {Ivanova, Elena P. and Webb, Hayden K.},
  editor = {Rosenberg, Eugene and DeLong, Edward F. and Lory, Stephen and Stackebrandt, Erko and Thompson, Fabiano},
  date = {2014-07},
  volume = {9783642389},
  pages = {315--317},
  publisher = {{Springer-Verlag}},
  location = {{Berlin, Heidelberg}},
  doi = {10.1007/978-3-642-38922-1_247},
  isbn = {978-3-642-38922-1}
}

@article{Jost2006,
  title = {Entropy and Diversity},
  author = {Jost, Lou},
  date = {2006-05},
  journaltitle = {Oikos},
  volume = {113},
  pages = {363--375},
  issn = {00301299},
  doi = {10.1111/j.2006.0030-1299.14714.x},
  issue = {2},
  number = {2}
}

@article{Klein2008,
  title = {The {{{\emph{Caulerpa racemosa}}}} Invasion: A Critical Review},
  author = {Klein, Judith and Verlaque, Marc},
  date = {2008-02},
  journaltitle = {Mar. Pollut. Bull.},
  volume = {56},
  pages = {205--225},
  issn = {0025326X},
  doi = {10.1016/j.marpolbul.2007.09.043},
  issue = {2},
  keywords = {Biological invasions,Impact,Marine macrophytes,Mediterranean Sea,Review,Species introduction},
  number = {2}
}

@article{Kolda2020,
  title = {Metabarcoding {{{\emph{Cyanobacteria}}}} in Coastal Waters and Sediment in Central and Southern {{Adriatic Sea}}},
  author = {Kolda, Anamarija and Ljube\v{s}i\'c, Zrinka and Gavrilovi\'c, Ana and Jug-Dujakovi\'c, Jurica and Pikelj, Kristina and Kapetanovi\'c, Damir},
  date = {2020-10-01},
  journaltitle = {Acta Bot. Croat.},
  volume = {79},
  pages = {157--169},
  publisher = {{Biolo\v{s}ki odsjek PMF, Sveu\v{c}ili\v{s}te u Zagrebu}},
  issn = {0365-0588},
  doi = {10.37427/botcro-2020-021},
  langid = {english},
  number = {2}
}

@article{Korlevic2015,
  title = {Bacterial Diversity in the {{South Adriatic Sea}} during a Strong, Deep Winter Convection Year},
  author = {Korlevi\'c, M. and Pop Ristova, P. and Gari\'c, R. and Amann, R. and Orli\'c, S.},
  editor = {Kostka, J. E.},
  date = {2015-03},
  journaltitle = {Appl. Environ. Microbiol.},
  volume = {81},
  pages = {1715--1726},
  issn = {0099-2240},
  doi = {10.1128/AEM.03410-14},
  issue = {5},
  number = {5}
}

@article{Korlevic2021,
  title = {Selective {{DNA}} and Protein Isolation from Marine Macrophyte Surfaces},
  author = {Korlevi\'c, Marino and Markovski, Marsej and Zhao, Zihao and Herndl, Gerhard J. and Najdek, Mirjana},
  date = {2021},
  journaltitle = {Front. Microbiol.},
  volume = {12},
  pages = {665999},
  publisher = {{Frontiers}},
  issn = {1664-302X},
  doi = {10.3389/fmicb.2021.665999},
  keywords = {Caulerpa cylindracea,Cymodocea nodosa,DNA,marine macrophytes,Proteins,Selective isolation},
  langid = {english}
}

@article{Kozich2013,
  title = {Development of a Dual-Index Sequencing Strategy and Curation Pipeline for Analyzing Amplicon Sequence Data on the {{MiSeq Illumina}} Sequencing Platform.},
  author = {Kozich, James J and Westcott, Sarah L and Baxter, Nielson T and Highlander, Sarah K and Schloss, Patrick D},
  date = {2013-09},
  journaltitle = {Appl. Environ. Microbiol.},
  volume = {79},
  pages = {5112--5120},
  doi = {10.1128/AEM.01043-13},
  issue = {17},
  number = {17}
}

@incollection{Kuever2014,
  title = {The Family {{{\emph{Desulfobulbaceae}}}}},
  booktitle = {The {{Prokaryotes}}: {{Deltaproteobacteria}} and {{Epsilonproteobacteria}}},
  author = {Kuever, Jan},
  editor = {Rosenberg, Eugene and DeLong, Edward F. and Lory, Stephen and Stackebrandt, Erko and Thompson, Fabiano},
  date = {2014-07},
  volume = {9783642390},
  pages = {75--86},
  publisher = {{Springer-Verlag}},
  location = {{Berlin, Heidelberg}},
  doi = {10.1007/978-3-642-39044-9_267},
  isbn = {978-3-642-39044-9}
}

@article{Kurilenko2010,
  title = {{{{\emph{Granulosicoccus coccoides}} sp. nov., isolated from leaves of seagrass ({\emph{Zostera marina}})}}},
  author = {Kurilenko, Valerie V. and Christen, Richard and Zhukova, Natalia V. and Kalinovskaya, Nataliya I. and Mikhailov, Valery V. and Crawford, Russell J. and Ivanova, Elena P.YR 2010},
  date = {2010},
  journaltitle = {Int. J. Syst. Evol. Microbiol.},
  volume = {60},
  pages = {972--976},
  publisher = {{Microbiology Society,}},
  issn = {1466-5034,},
  doi = {10.1099/ijs.0.013516-0},
  number = {4}
}

@article{Kusel2006,
  title = {Comparative Evaluation of Anaerobic Bacterial Communities Associated with Roots of Submerged Macrophytes Growing in Marine or Brackish Water Sediments},
  author = {K\"usel, Kirsten and Trinkwalter, Tanja and Drake, Harold L. and Devereux, Richard},
  date = {2006-09-19},
  journaltitle = {J. Exp. Mar. Biol. Ecol.},
  volume = {337},
  pages = {49--58},
  issn = {0022-0981},
  doi = {10.1016/j.jembe.2006.06.004},
  keywords = {Clostridia,Iron-reducing bacteria,Microbial communities,Sediments,Sulfate-reducing bacteria},
  langid = {english},
  number = {1}
}

@article{Lachnit2009,
  title = {Specific Epibacterial Communities on Macroalgae: Phylogeny Matters More than Habitat},
  author = {Lachnit, Tim and Bl\"umel, Martina and Imhoff, Johannes F. and Wahl, Martin},
  date = {2009},
  journaltitle = {Aquat. Biol.},
  volume = {5},
  pages = {181--186},
  issn = {18647782},
  doi = {10.3354/ab00149},
  issue = {2},
  keywords = {Algae,Antifouling,Bacteria,Biofilm,DGGE},
  number = {2}
}

@article{Lachnit2011,
  title = {Epibacterial Community Patterns on Marine Macroalgae Are Host-Specific but Temporally Variable},
  author = {Lachnit, Tim and Meske, Diana and Wahl, Martin and Harder, Tilmann and Schmitz, Ruth},
  date = {2011-03},
  journaltitle = {Environ. Microbiol.},
  volume = {13},
  pages = {655--665},
  publisher = {{John Wiley \& Sons, Ltd}},
  issn = {14622912},
  doi = {10.1111/j.1462-2920.2010.02371.x},
  issue = {3},
  number = {3}
}

@book{Legendre2012,
  title = {Numerical Ecology},
  author = {Legendre, Pierre and Legendre, Louis},
  date = {2012-08-20},
  edition = {3rd},
  publisher = {{Elsevier}},
  location = {{Amsterdam}},
  isbn = {978-0-444-53868-0},
  keywords = {Science / Environmental Science,Science / Life Sciences / Ecology,Technology & Engineering / Power Resources / General},
  langid = {english},
  pagetotal = {1008}
}

@article{Longford2007,
  title = {Comparisons of Diversity of Bacterial Communities Associated with Three Sessile Marine Eukaryotes},
  author = {Longford, SR and Tujula, NA and Crocetti, GR and Holmes, AJ and Holmstr\"om, C and Kjelleberg, S and Steinberg, PD and Taylor, MW},
  date = {2007-08},
  journaltitle = {Aquat. Microb. Ecol.},
  volume = {48},
  pages = {217--229},
  publisher = {{Inter-Research}},
  issn = {0948-3055},
  doi = {10.3354/ame048217},
  issue = {3},
  keywords = {Bacterial communities,Diversity,Host organisms,Macroalga,Marine,Sponge},
  number = {3}
}

@article{Mancuso2016,
  title = {Diversity and Temporal Dynamics of the Epiphytic Bacterial Communities Associated with the Canopy-Forming Seaweed {{{\emph{Cystoseira compressa}}}} ({{Esper}}) {{Gerloff}} and {{Nizamuddin}}},
  author = {Mancuso, Francesco P. and D'Hondt, Sofie and Willems, Anne and Airoldi, Laura and De Clerck, Olivier},
  date = {2016},
  journaltitle = {Front. Microbiol.},
  volume = {7},
  pages = {476},
  issn = {1664-302X},
  doi = {10.3389/fmicb.2016.00476},
  keywords = {16S rRNA gene,canopy-forming seaweeds,Cystoseira compressa,epiphytic bacteria communities,Fucales,high throughput sequencing,Mediterranean Sea},
  langid = {english},
  pmcid = {PMC4824759}
}

@incollection{Margulis1991,
  title = {Symbiogenesis and Symbionticism},
  booktitle = {Symbiosis as a {{Source}} of {{Evolutionary Innovation}}: {{Speciation}} and {{Morphogenesis}}},
  author = {Margulis, Lynn},
  editor = {Margulis, Lynn and Fester, Ren\'e},
  date = {1991},
  pages = {1--14},
  publisher = {{The MIT Press}},
  location = {{Cambridge, Massachusetts}}
}

@article{Massana1997,
  title = {Vertical Distribution and Phylogenetic Characterization of Marine Planktonic {{{\emph{Archaea}}}} in the {{Santa Barbara Channel}}.},
  author = {Massana, R and Murray, A E and Preston, C M and DeLong, E F},
  date = {1997-01},
  journaltitle = {Appl. Environ. Microbiol.},
  volume = {63},
  pages = {50--56},
  issue = {1},
  number = {1}
}

@article{Matsuo2003,
  title = {Isolation and Phylogenetic Characterization of Bacteria Capable of Inducing Differentiation in the Green Alga {{{\emph{Monostroma oxyspermum}}}}},
  author = {Matsuo, Yoshihide and Suzuki, Makoto and Kasai, Hiroaki and Shizuri, Yoshikazu and Harayama, Shigeaki},
  date = {2003},
  journaltitle = {Environ. Microbiol.},
  volume = {5},
  pages = {25--35},
  issn = {1462-2920},
  doi = {10.1046/j.1462-2920.2003.00382.x},
  langid = {english},
  number = {1}
}

@incollection{McIlroy2014,
  title = {The Family {{{\emph{Saprospiraceae}}}}},
  booktitle = {The {{Prokaryotes}}: {{Other Major Lineages}} of {{Bacteria}} and the {{Archaea}}},
  author = {McIlroy, Simon Jon and Nielsen, Per Halkj\ae r},
  editor = {Rosenberg, Eugene and DeLong, Edward F. and Lory, Stephen and Stackebrandt, Erko and Thompson, Fabiano},
  date = {2014-07},
  volume = {9783642389},
  pages = {863--889},
  publisher = {{Springer-Verlag}},
  location = {{Berlin, Heidelberg}},
  doi = {10.1007/978-3-642-38954-2_138},
  isbn = {978-3-642-30123-0}
}

@article{Michelou2013,
  title = {The Ecology of Microbial Communities Associated with {{{\emph{Macrocystis pyrifera}}}}},
  author = {Michelou, Vanessa K. and Caporaso, J. Gregory and Knight, Rob and Palumbi, Stephen R.},
  editor = {Harder, Tilmann},
  date = {2013-06},
  journaltitle = {PLoS One},
  volume = {8},
  pages = {e67480},
  publisher = {{Public Library of Science}},
  issn = {1932-6203},
  doi = {10.1371/journal.pone.0067480},
  issue = {6},
  number = {6}
}

@article{Miranda2013,
  title = {Diversity and Abundance of the Bacterial Community of the Red Macroalga {{{\emph{Porphyra umbilicalis}}}}: Did Bacterial Farmers Produce Macroalgae?},
  author = {Miranda, Lilibeth N. and Hutchison, Keith and Grossman, Arthur R. and Brawley, Susan H.},
  editor = {Neufeld, Josh},
  date = {2013-03},
  journaltitle = {PLoS One},
  volume = {8},
  pages = {e58269},
  publisher = {{Public Library of Science}},
  issn = {1932-6203},
  doi = {10.1371/journal.pone.0058269},
  issue = {3},
  number = {3}
}

@article{Mobberley2012,
  title = {Comparative Microbial Diversity Analyses of Modern Marine Thrombolitic Mats by Barcoded Pyrosequencing},
  author = {Mobberley, Jennifer M. and Ortega, Maya C. and Foster, Jamie S.},
  date = {2012-01},
  journaltitle = {Environ. Microbiol.},
  volume = {14},
  pages = {82--100},
  publisher = {{John Wiley \& Sons, Ltd}},
  issn = {14622912},
  doi = {10.1111/j.1462-2920.2011.02509.x},
  issue = {1},
  number = {1}
}

@article{Morrissey2019,
  title = {Disentangling the Influence of Environment, Host Specificity and Thallus Differentiation on Bacterial Communities in Siphonous Green Seaweeds.},
  author = {Morrissey, Kathryn Lee and \c{C}avas, Levent and Willems, Anne and De Clerck, Olivier},
  date = {2019},
  journaltitle = {Front. Microbiol.},
  volume = {10},
  pages = {717},
  publisher = {{Frontiers Media S.A.}},
  issn = {1664302X},
  doi = {10.3389/fmicb.2019.00717},
  issue = {APR},
  keywords = {Bacterial variation,Caulerpa,Host specificity,Microbiome,Morphological niche},
  number = {APR}
}

@article{Munoz1995,
  title = {Effects of Some Plant Growth Regulators on the Growth of the Seagrass {{{\emph{Cymodocea nodosa}}}} ({{Ucria}}) {{Ascherson}}},
  author = {Mu\~noz, Jorge Terrados},
  date = {1995-08-01},
  journaltitle = {Aquat. Bot.},
  volume = {51},
  pages = {311--318},
  issn = {0304-3770},
  doi = {10.1016/0304-3770(95)00481-E},
  keywords = {Gibberellic acid,Plant growth regulators,Seagrass},
  langid = {english},
  number = {3}
}

@article{Najdek2020a,
  title = {Effects of the Invasion of {{{\emph{Caulerpa cylindracea}}}} in a {{{\emph{Cymodocea nodosa}}}} Meadow in the {{Northern Adriatic Sea}}},
  author = {Najdek, Mirjana and Korlevi\'c, Marino and Paliaga, Paolo and Markovski, Marsej and Ivan\v{c}i\'c, Ingrid and Ive\v{s}a, Ljiljana and Felja, Igor and Herndl, Gerhard J.},
  date = {2020},
  journaltitle = {Front. Mar. Sci.},
  volume = {7},
  pages = {602055},
  publisher = {{Frontiers}},
  issn = {2296-7745},
  doi = {10.3389/fmars.2020.602055},
  keywords = {Caulerpa cylindracea,Cymodocea nodosa,invaded seagrass meadow,Northern Adriatic Sea,seagrass meadow stability,Sediment biogeochemistry},
  langid = {english}
}

@article{Nedashkovskaya2016,
  title = {{{{\emph{Amylibacter ulvae}} sp. nov., a new alphaproteobacterium isolated from the Pacific green alga {\emph{Ulva fenestrata}}}}},
  author = {Nedashkovskaya, Olga I. and Kukhlevskiy, Andrey D. and Zhukova, Natalia V. and Kim, Seung Bum},
  date = {2016-04-01},
  journaltitle = {Arch. Microbiol.},
  volume = {198},
  pages = {251--256},
  issn = {1432-072X},
  doi = {10.1007/s00203-015-1185-1},
  langid = {english},
  number = {3}
}

@article{Nemecek-Marshall1995,
  title = {Methanol Emission from Leaves (Enzymatic Detection of Gas-Phase Methanol and Relation of Methanol Fluxes to Stomatal Conductance and Leaf Development)},
  author = {Nemecek-Marshall, M. and MacDonald, R. C. and Franzen, J. J. and Wojciechowski, C. L. and Fall, R.},
  date = {1995-08-01},
  journaltitle = {Plant Physiol.},
  volume = {108},
  pages = {1359--1368},
  issn = {0032-0889},
  doi = {10.1104/pp.108.4.1359},
  number = {4}
}

@software{Neuwirth2014,
  title = {{{RColorBrewer}}: {{ColorBrewer}} Palettes},
  author = {Neuwirth, Erich},
  date = {2014}
}

@article{Nielsen2001,
  title = {Sulphate Reduction and Nitrogen Fixation Rates Associated with Roots, Rhizomes and Sediments from {{{\emph{Zostera noltii}}}} and {{{\emph{Spartina maritima}}}} Meadows.},
  author = {Nielsen, L B and Finster, K and Welsh, D T and Donelly, A and Herbert, R A and de Wit, R and Lomstein, B A},
  date = {2001-01},
  journaltitle = {Environ. Microbiol.},
  volume = {3},
  pages = {63--71},
  issn = {1462-2912},
  doi = {doi.org/10.1046/j.1462-2920.2001.00160.x},
  issue = {1},
  number = {1},
  options = {useprefix=true}
}

@software{Oksanen2019,
  title = {{{vegan}}: Community Ecology Package},
  author = {Oksanen, Jari and Blanchet, F Guillaume and Friendly, Michael and Kindt, Roeland and Legendre, Pierre and McGlinn, Dan and Minchin, Peter R and O'Hara, R B and Simpson, Gavin L and Solymos, Peter and Stevens, M Henry H and Szoecs, Eduard and Wagner, Helene},
  date = {2019}
}

@article{Parada2016,
  title = {Every Base Matters: Assessing Small Subunit {{rRNA}} Primers for Marine Microbiomes with Mock Communities, Time Series and Global Field Samples},
  author = {Parada, Alma E. and Needham, David M. and Fuhrman, Jed A.},
  date = {2016-05},
  journaltitle = {Environ. Microbiol.},
  volume = {18},
  pages = {1403--1414},
  issn = {14622912},
  doi = {10.1111/1462-2920.13023},
  issue = {5},
  number = {5}
}

@incollection{Park2014,
  title = {The Family {{{\emph{Rhodothermaceae}}}}},
  booktitle = {The {{Prokaryotes}}: {{Other Major Lineages}} of {{Bacteria}} and the {{Archaea}}},
  author = {Park, Sanghwa and Akira, Yokota and Kogure, Kazuhiro},
  editor = {Rosenberg, Eugene and DeLong, Edward F. and Lory, Stephen and Stackebrandt, Erko and Thompson, Fabiano},
  date = {2014-07},
  volume = {9783642389},
  pages = {849--856},
  publisher = {{Springer-Verlag}},
  location = {{Berlin, Heidelberg}},
  doi = {10.1007/978-3-642-38954-2_141},
  isbn = {978-3-642-30123-0}
}

@article{Penesyan2009,
  title = {Antimicrobial Activity Observed among Cultured Marine Epiphytic Bacteria Reflects Their Potential as a Source of New Drugs},
  author = {Penesyan, Anahit and Marshall-Jones, Zoe and Holmstrom, Carola and Kjelleberg, Staffan and Egan, Suhelen},
  date = {2009-07-01},
  journaltitle = {FEMS Microbiol. Ecol.},
  volume = {69},
  pages = {113--124},
  issn = {0168-6496},
  doi = {10.1111/j.1574-6941.2009.00688.x},
  number = {1}
}

@incollection{Pujalte2014,
  title = {The Family {{{\emph{Rhodobacteraceae}}}}},
  booktitle = {The {{Prokaryotes}}: {{Alphaproteobacteria}} and {{Betaproteobacteria}}},
  author = {Pujalte, Mar\'ia J. and Lucena, Teresa and Ruvira, Mar\'ia A. and Arahal, David Ruiz and Maci\'an, M. Carmen},
  editor = {Rosenberg, Eugene and DeLong, Edward F. and Lory, Stephen and Stackebrandt, Erko and Thompson, Fabiano},
  date = {2014-08},
  volume = {9783642301},
  pages = {439--512},
  publisher = {{Springer-Verlag}},
  location = {{Berlin, Heidelberg}},
  doi = {10.1007/978-3-642-30197-1_377},
  isbn = {978-3-642-30197-1}
}

@article{Pusceddu2016,
  title = {Meiofauna Communities, Nematode Diversity and {{C}} Degradation Rates in Seagrass ({{{\emph{Posidonia oceanica}} L.) and unvegetated sediments invaded by the algae {\emph{Caulerpa cylindracea}} (Sonder)}}},
  author = {Pusceddu, Antonio and Fraschetti, Simona and Scopa, Mariaspina and Rizzo, Lucia and Danovaro, Roberto},
  date = {2016-08-01},
  journaltitle = {Mar. Environ. Res.},
  volume = {119},
  pages = {88--99},
  issn = {0141-1136},
  doi = {10.1016/j.marenvres.2016.05.015},
  keywords = {Marine biodiversity,Meiofauna,Nematodes,Non-indigenous invasive species,Seagrass},
  langid = {english}
}

@article{Quast2013,
  title = {The {{SILVA}} Ribosomal {{RNA}} Gene Database Project: Improved Data Processing and Web-Based Tools.},
  author = {Quast, Christian and Pruesse, Elmar and Yilmaz, Pelin and Gerken, Jan and Schweer, Timmy and Yarza, Pablo and Peplies, J\"org and Gl\"ockner, Frank Oliver},
  date = {2013-01},
  journaltitle = {Nucleic Acids Res.},
  volume = {41},
  pages = {D590--D596},
  issn = {1362-4962},
  doi = {10.1093/nar/gks1219},
  issue = {Database issue},
  number = {Database issue}
}

@software{RCoreTeam2019,
  title = {R: {{A}} Language and Environment for Statistical Computing},
  author = {{R Core Team}},
  date = {2019},
  location = {{Vienna, Austria}},
  organization = {{R Foundation for Statistical Computing}}
}

@article{Reisser2014,
  title = {Millimeter-Sized Marine Plastics: A New Pelagic Habitat for Microorganisms and Invertebrates},
  author = {Reisser, Julia and Shaw, Jeremy and Hallegraeff, Gustaaf and Proietti, Maira and Barnes, David K A and Thums, Michele and Wilcox, Chris and Hardesty, Britta Denise and Pattiaratchi, Charitha},
  date = {2014},
  journaltitle = {PLoS One},
  volume = {9},
  pages = {e100289},
  publisher = {{Public Library of Science}},
  issn = {1932-6203},
  doi = {10.1371/journal.pone.0100289},
  issue = {6},
  number = {6}
}

@article{Reyes2001,
  title = {Biomass and Production of the Epiphytes on the Leaves of {{{\emph{Cymodocea nodosa}}}} in the {{Canary Islands}}},
  author = {Reyes, J. and Sans\'on, M.},
  date = {2001-08},
  journaltitle = {Botanica Marina},
  volume = {44},
  pages = {307--313},
  publisher = {{Walter de Gruyter}},
  issn = {00068055},
  doi = {10.1515/BOT.2001.039},
  issue = {4},
  number = {4}
}

@article{Rickert2016,
  title = {Seasonal Variations in Surface Metabolite Composition of {{{\emph{Fucus vesiculosus}}}} and {{{\emph{Fucus serratus}}}} from the {{Baltic Sea}}},
  author = {Rickert, Esther and Wahl, Martin and Link, Heike and Richter, Hannes and Pohnert, Georg},
  date = {2016-12},
  journaltitle = {PLoS One},
  volume = {11},
  pages = {e0168196},
  publisher = {{Public Library of Science}},
  issn = {19326203},
  doi = {10.1371/journal.pone.0168196},
  issue = {12},
  number = {12}
}

@article{Rizzo2016,
  title = {The Alien Species {{{\emph{Caulerpa cylindracea}}}} and Its Associated Bacteria in the {{Mediterranean Sea}}},
  author = {Rizzo, Lucia and Fraschetti, Simonetta and Alifano, Pietro and Pizzolante, Graziano and Stabili, Loredana},
  date = {2016-01},
  journaltitle = {Mar. Biol.},
  volume = {163},
  pages = {4},
  publisher = {{Springer Berlin Heidelberg}},
  issn = {0025-3162},
  doi = {10.1007/s00227-015-2775-9},
  issue = {1},
  number = {1}
}

@article{Rizzo2016a,
  title = {Association of {{{\emph{Vibrio}}}} Community with the {{Atlantic Mediterranean}} Invasive Alga {{{\emph{Caulerpa cylindracea{\emph{}}}}}}},
  author = {Rizzo, Lucia and Fraschetti, Simonetta and Alifano, Pietro and Tredici, Maurizio Salvatore and Stabili, Loredana},
  date = {2016-02-01},
  journaltitle = {J. Exp. Mar. Biol. Ecol.},
  volume = {475},
  pages = {129--136},
  issn = {0022-0981},
  doi = {10.1016/j.jembe.2015.11.013},
  keywords = {Epibiosis,Invasive algae,Vibrios diversity},
  langid = {english}
}

@article{Rizzo2017,
  title = {Potential Effects of an Invasive Seaweed ({{{\emph{Caulerpa cylindracea}}}}, {{Sonder}}) on Sedimentary Organic Matter and Microbial Metabolic Activities},
  author = {Rizzo, Lucia and Pusceddu, Antonio and Stabili, Loredana and Alifano, Pietro and Fraschetti, Simonetta},
  date = {2017-09-21},
  journaltitle = {Sci. Rep.},
  volume = {7},
  pages = {12113},
  publisher = {{Nature Publishing Group}},
  issn = {2045-2322},
  doi = {10.1038/s41598-017-12556-4},
  issue = {1},
  langid = {english},
  number = {1}
}

@article{Rizzo2020,
  title = {Potentially Combined Effect of the Invasive Seaweed {{{\emph{Caulerpa cylindracea}}}} ({{Sonder}}) and Sediment Deposition Rates on Organic Matter and Meiofaunal Assemblages},
  author = {Rizzo, Lucia and Pusceddu, Antonio and Bianchelli, Silvia and Fraschetti, Simonetta},
  date = {2020-07-01},
  journaltitle = {Mar. Environ. Res.},
  volume = {159},
  pages = {104966},
  issn = {0141-1136},
  doi = {10.1016/j.marenvres.2020.104966},
  keywords = {Benthic assemblage's response,Bioinvasions,Interactive effects,Mediterranean sea,NIS,Organic matter quantity and biochemical composition},
  langid = {english}
}

@article{Roth-Schulze2016,
  title = {Partitioning of Functional and Taxonomic Diversity in Surface-Associated Microbial Communities.},
  author = {Roth-Schulze, Alexandra J and Zozaya-Vald\'es, Enrique and Steinberg, Peter D and Thomas, Torsten},
  date = {2016-12},
  journaltitle = {Environ. Microbiol.},
  volume = {18},
  pages = {4391--4402},
  issn = {1462-2920},
  doi = {10.1111/1462-2920.13325},
  issue = {12},
  number = {12}
}

@article{Ruitton2005,
  title = {Seasonal Changes of the Introduced {{{\emph{Caulerpa racemosa}}}} Var. {{{\emph{cylindracea}}}} ({{Caulerpales}}, {{Chlorophyta}}) at the Northwest Limit of Its {{Mediterranean}} Range.},
  author = {Ruitton, Sandrine and Verlaque, Marc and Boudouresque, Charles Fran\c{c}ois},
  date = {2005-05},
  journaltitle = {Aquat. Bot.},
  volume = {82},
  pages = {55--70},
  issn = {03043770},
  doi = {10.1016/j.aquabot.2005.02.008},
  issue = {1},
  keywords = {Biometry,Caulerpa racemosa var. cylindracea,Grazing,Growth rate,Introduced species,Mediterranean Sea,Pattern of colonisation,Seasonal changes},
  number = {1}
}

@article{Saha2011,
  title = {Surface-Associated Fucoxanthin Mediates Settlement of Bacterial Epiphytes on the Rockweed {{{\emph{Fucus vesiculosus}}}}},
  author = {Saha, M. and Rempt, M. and Grosser, K. and Pohnert, G. and Weinberger, F.},
  date = {2011-04},
  journaltitle = {Biofouling},
  volume = {27},
  pages = {423--433},
  issn = {1029-2454},
  doi = {10.1080/08927014.2011.580841},
  keywords = {Anti-Bacterial Agents,Bacteria,Biofouling,Biological Assay,Fucus,Surface Properties,Xanthophylls},
  langid = {english},
  number = {4}
}

@article{Salaun2012,
  title = {Influence of Exudates of the Kelp {{{\emph{Laminaria digitata}}}} on Biofilm Formation of Associated and Exogenous Bacterial Epiphytes},
  author = {Sala\"un, St\'ephanie and La Barre, St\'ephane and Santos-Goncalvez, Marina Dos and Potin, Philippe and Haras, Dominique and Bazire, Alexis},
  date = {2012-08},
  journaltitle = {Microb. Ecol.},
  volume = {64},
  pages = {359--369},
  issn = {00953628},
  doi = {10.1007/s00248-012-0048-4},
  issue = {2},
  number = {2}
}

@article{Sale1976,
  title = {Reef Fish Lottery},
  author = {Sale, P.F.},
  date = {1976},
  journaltitle = {Nat. Hist.},
  volume = {85},
  pages = {60--65}
}

@article{Sanchez-Amat2010,
  title = {Finding New Enzymes from Bacterial Physiology: A Successful Approach Illustrated by the Detection of Novel Oxidases in {{{\emph{Marinomonas mediterranea}}}}},
  shorttitle = {Finding New Enzymes from Bacterial Physiology},
  author = {Sanchez-Amat, Antonio and Solano, Francisco and Lucas-El\'io, Patricia},
  date = {2010-03},
  journaltitle = {Mar. Drugs},
  volume = {8},
  pages = {519--541},
  publisher = {{Molecular Diversity Preservation International}},
  doi = {10.3390/md8030519},
  issue = {3},
  keywords = {<em>Marinomonas</em>,laccase,lysine oxidase,melanin,tyrosinase},
  langid = {english},
  number = {3}
}

@article{Sanders-Smith2020,
  title = {Host-Specificity and Core Taxa of Seagrass Leaf Microbiome Identified across Tissue Age and Geographical Regions},
  author = {Sanders-Smith, Rhea and Segovia, Bianca Trevizan and Forbes, Coreen and Hessing-Lewis, Margot and Morien, Evan and Lemay, Matthew A. and O'Connor, Mary I. and Parfrey, Laura Wegener},
  date = {2020},
  journaltitle = {Front. Ecol. Evol.},
  volume = {8},
  publisher = {{Frontiers}},
  issn = {2296-701X},
  doi = {10.3389/fevo.2020.605304},
  keywords = {16S rRNA gene,Biodiversity,Core microbiome,Eelgrass (Zostera marina),Symbiosis},
  langid = {english}
}

@article{Schloss2009,
  title = {Introducing Mothur: Open-Source, Platform-Independent, Community-Supported Software for Describing and Comparing Microbial Communities},
  author = {Schloss, Patrick D and Westcott, Sarah L and Ryabin, Thomas and Hall, Justine R and Hartmann, Martin and Hollister, Emily B and Lesniewski, Ryan A and Oakley, Brian B and Parks, Donovan H and Robinson, Courtney J and Sahl, Jason W and Stres, Blaz and Thallinger, Gerhard G and Van Horn, David J and Weber, Carolyn F},
  date = {2009-12},
  journaltitle = {Appl. Environ. Microbiol.},
  volume = {75},
  pages = {7537--7541},
  doi = {10.1128/AEM.01541-09},
  issue = {23},
  number = {23}
}

@article{Schloss2016,
  title = {Sequencing {{16S rRNA}} Gene Fragments Using the {{PacBio SMRT DNA}} Sequencing System.},
  author = {Schloss, Patrick D and Jenior, Matthew L and Koumpouras, Charles C and Westcott, Sarah L and Highlander, Sarah K},
  date = {2016-03},
  journaltitle = {PeerJ},
  volume = {4},
  pages = {e1869},
  issn = {2167-8359},
  doi = {10.7717/peerj.1869},
  keywords = {16S rRNA gene sequencing,Bioinformatics,Microbial ecology,Microbiome,Next generation sequencing,PacBio,Sequencing error}
}

@article{Schmidt2015a,
  title = {Community Assembly of a Euryhaline Fish Microbiome during Salinity Acclimation},
  author = {Schmidt, Victor T. and Smith, Katherine F. and Melvin, Donald W. and Amaral-Zettler, Linda A.},
  date = {2015},
  journaltitle = {Mol. Ecol.},
  volume = {24},
  pages = {2537--2550},
  issn = {1365-294X},
  doi = {10.1111/mec.13177},
  keywords = {Aeromonas,Illumina sequencing,microbial ecology,neutral theory,niche-appropriation,Vibrio},
  langid = {english},
  number = {10}
}

@incollection{Short2001,
  title = {Global Seagrass Distribution},
  booktitle = {Global {{Seagrass Research Methods}}},
  author = {Short, Frederick T. and Coles, Robert G. and Pergent-Martini, Christine},
  editor = {Short, Frederick T. and Coles, Robert G.},
  date = {2001},
  edition = {1st},
  pages = {5--30},
  publisher = {{Elsevier Science B.V.}},
  location = {{Amsterdam}}
}

@article{Simon2017,
  title = {Phylogenomics of {{{\emph{Rhodobacteraceae}}}} Reveals Evolutionary Adaptation to Marine and Non-Marine Habitats},
  author = {Simon, Meinhard and Scheuner, Carmen and Meier-Kolthoff, Jan P. and Brinkhoff, Thorsten and Wagner-D\"obler, Irene and Ulbrich, Marcus and Klenk, Hans-Peter and Schomburg, Dietmar and Petersen, J\"orn and G\"oker, Markus},
  date = {2017-06},
  journaltitle = {ISME J.},
  volume = {11},
  pages = {1483--1499},
  publisher = {{Nature Publishing Group}},
  issn = {1751-7370},
  doi = {10.1038/ismej.2016.198},
  issue = {6},
  langid = {english},
  number = {6}
}

@article{Stabili2017,
  title = {Spatial Distribution of the Culturable Bacterial Community Associated with the Invasive Alga {{{\emph{Caulerpa cylindracea}}}} in the {{Mediterranean Sea}}},
  author = {Stabili, Loredana and Rizzo, Lucia and Pizzolante, Graziano and Alifano, Pietro and Fraschetti, Simonetta},
  date = {2017-04-01},
  journaltitle = {Mar. Environ. Res.},
  volume = {125},
  pages = {90--98},
  issn = {0141-1136},
  doi = {10.1016/j.marenvres.2017.02.001},
  keywords = {Alien seaweeds,Bioinvasions,Biolog assay,Culturable heterotrophic bacteria,Functional diversity,Metabolic profiles},
  langid = {english}
}

@article{Stratil2013,
  title = {Temperature-Driven Shifts in the Epibiotic Bacterial Community Composition of the Brown Macroalga {{{\emph{Fucus vesiculosus}}}}},
  author = {Stratil, Stephanie B. and Neulinger, Sven C. and Knecht, Henrik and Friedrichs, Anette K. and Wahl, Martin},
  date = {2013},
  journaltitle = {Microbiologyopen},
  volume = {2},
  pages = {338--349},
  issn = {2045-8827},
  doi = {10.1002/mbo3.79},
  keywords = {16S rRNA gene,454 pyrosequencing,alga,DGGE,diversity,epibacteria},
  langid = {english},
  number = {2}
}

@article{Tarquinio2019,
  title = {The Seagrass Holobiont: Understanding Seagrass-Bacteria Interactions and Their Role in Seagrass Ecosystem Functioning},
  author = {Tarquinio, Flavia and Hyndes, Glenn A. and Laverock, Bonnie and Koenders, Annette and S\"awstr\"om, Christin},
  date = {2019-03},
  journaltitle = {FEMS Microbiol. Lett.},
  volume = {366},
  pages = {fnz057},
  publisher = {{Oxford University Press}},
  issn = {15746968},
  doi = {10.1093/femsle/fnz057},
  issue = {6},
  number = {6}
}

@article{Tujula2010,
  title = {Variability and Abundance of the Epiphytic Bacterial Community Associated with a Green Marine {{{\emph{Ulvacean}}}} Alga},
  author = {Tujula, Niina A and Crocetti, Gregory R and Burke, Catherine and Thomas, Torsten and Holmstr\"om, Carola and Kjelleberg, Staffan},
  date = {2010-02},
  journaltitle = {ISME J.},
  volume = {4},
  pages = {301--311},
  issn = {1751-7362},
  doi = {10.1038/ismej.2009.107},
  issue = {2},
  number = {2}
}

@article{Ugarelli2019,
  title = {The Microbial Communities of Leaves and Roots Associated with Turtle Grass ({{{\emph{Thalassia testudinum}}}}) and Manatee Grass ({{{\emph{Syringodium filliforme}}}}) Are Distinct from Seawater and Sediment Communities, but Are Similar between Species and Sampling Sites},
  author = {Ugarelli, Kelly and Laas, Peeter and Stingl, Ulrich},
  date = {2019-01},
  journaltitle = {Microorganisms},
  volume = {7},
  pages = {4},
  publisher = {{MDPI AG}},
  issn = {20762607},
  doi = {10.3390/microorganisms7010004},
  issue = {1},
  keywords = {Microbiome,Phyllosphere,Rhizosphere,Seagrass},
  number = {1}
}

@article{Wang2020,
  title = {Nutrient Enrichment Increases Size of {{{\emph{Zostera marina}}}} Shoots and Enriches for Sulfur and Nitrogen Cycling Bacteria in Root-Associated Microbiomes},
  author = {Wang, Lu and Tomas, Fiona and Mueller, Ryan S},
  date = {2020-08-01},
  journaltitle = {FEMS Microbiol. Ecol.},
  volume = {96},
  pages = {fiaa129},
  issn = {0168-6496},
  doi = {10.1093/femsec/fiaa129},
  number = {8}
}

@article{Weidner2000,
  title = {Phylogenetic Analysis of Bacterial Communities Associated with Leaves of the Seagrass {{{\emph{Halophila stipulacea}}}} by a Culture-Independent Small-Subunit {{rRNA}} Gene Approach},
  author = {Weidner, S and Arnold, W and Stackebrandt, E and P\"uhler, A},
  date = {2000-01},
  journaltitle = {Microb. Ecol.},
  volume = {39},
  pages = {22--31},
  issn = {1432-184X},
  doi = {doi.org/10.1007/s002489900194},
  issue = {1},
  number = {1}
}

@article{Weinberger2007,
  title = {Pathogen-Induced Defense and Innate Immunity in Macroalgae},
  author = {Weinberger, Florian},
  date = {2007-12-01},
  journaltitle = {Biol. Bull.},
  volume = {213},
  pages = {290--302},
  publisher = {{The University of Chicago Press}},
  issn = {0006-3185},
  doi = {10.2307/25066646},
  number = {3}
}

@software{Wickham2017,
  title = {{{tidyverse}}: Easily Install and Load the 'Tidyverse'},
  author = {Wickham, Hadley},
  date = {2017}
}

@article{Wickham2019,
  title = {Welcome to the Tidyverse},
  author = {Wickham, Hadley and Averick, Mara and Bryan, Jennifer and Chang, Winston and McGowan, Lucy D'Agostino and Fran\c{c}ois, Romain and Grolemund, Garrett and Hayes, Alex and Henry, Lionel and Hester, Jim and Kuhn, Max and Pedersen, Thomas Lin and Miller, Evan and Bache, Stephan Milton and M\"uller, Kirill and Ooms, Jeroen and Robinson, David and Seidel, Dana Paige and Spinu, Vitalie and Takahashi, Kohske and Vaughan, Davis and Wilke, Claus and Woo, Kara and Yutani, Hiroaki},
  date = {2019},
  journaltitle = {J. Open Source Softw.},
  volume = {4},
  pages = {1686},
  doi = {10.21105/joss.01686},
  issue = {43},
  number = {43}
}

@software{Wilke2019,
  title = {{{cowplot}}: Streamlined Plot Theme and Plot Annotations for {{'ggplot2'}}},
  author = {Wilke, Claus O.},
  date = {2019}
}

@article{Wood1981,
  title = {Chemotaxis of Rhizoplane Bacteria to Amino Acids Comprising Eelgrass ({{{\emph{Zostera marina}} L.) root exudate}}},
  author = {Wood, Donna C. and Hayasaka, Steven S.},
  date = {1981-03-16},
  journaltitle = {J. Exp. Mar. Biol. Ecol.},
  volume = {50},
  pages = {153--161},
  issn = {0022-0981},
  doi = {10.1016/0022-0981(81)90047-2},
  langid = {english},
  number = {2}
}

@incollection{Xie2014,
  title = {{{knitr}}: A Comprehensive Tool for Reproducible Research in {{R}}},
  booktitle = {Implementing {{Reproducible Computational Research}}},
  author = {Xie, Yihui},
  editor = {Stodden, Victoria and Leisch, Friedrich and Peng, Roger D},
  date = {2014},
  pages = {3--32},
  publisher = {{Chapman and Hall/CRC}},
  location = {{New York}}
}

@book{Xie2015,
  title = {Dynamic {{Documents}} with {{R}} and Knitr},
  author = {Xie, Yihui},
  date = {2015},
  edition = {2},
  publisher = {{Chapman and Hall/CRC}},
  location = {{Boca Raton, Florida}}
}

@article{Xie2017,
  title = {Comparative Phenotype and Genome Analysis of {{{\emph{Cellvibrio}}}} Sp. {{PR1}}, a Xylanolytic and Agarolytic Bacterium from the {{Pearl River}}},
  author = {Xie, Zhangzhang and Lin, Weitie and Luo, Jianfei},
  date = {2017},
  journaltitle = {BioMed Res. Int.},
  volume = {2017},
  pages = {6304248},
  issn = {2314-6141},
  doi = {10.1155/2017/6304248}
}

@book{Xie2018,
  title = {R {{Markdown}}: {{The Definitive Guide}}},
  author = {Xie, Yihui and Allaire, J J and Grolemund, Garrett},
  date = {2018},
  edition = {1st},
  publisher = {{Chapman and Hall/CRC}},
  location = {{Boca Raton, Florida}}
}

@software{Xie2019,
  title = {{{knitr}}: A General-Purpose Package for Dynamic Report Generation in {{R}}},
  author = {Xie, Yihui},
  date = {2019}
}

@article{Xie2019a,
  title = {{{TinyTeX}}: A Lightweight, Cross-Platform, and Easy-to-Maintain {{LaTeX}} Distribution Based on {{TeX Live}}},
  author = {Xie, Yihui},
  date = {2019},
  journaltitle = {TUGboat},
  volume = {40},
  pages = {30--32},
  issue = {1},
  number = {1}
}

@software{Xie2019b,
  title = {{{tinytex}}: Helper Functions to Install and Maintain '{{TeX Live}}', and Compile '{{LaTeX}}' Documents},
  author = {Xie, Yihui},
  date = {2019}
}

@article{Yilmaz2014,
  title = {The {{SILVA}} and "{{All}}-{{Species Living Tree Project}} ({{LTP}})" Taxonomic Frameworks},
  author = {Yilmaz, Pelin and Parfrey, Laura Wegener and Yarza, Pablo and Gerken, Jan and Pruesse, Elmar and Quast, Christian and Schweer, Timmy and Peplies, J\"org and Ludwig, Wolfgang and Gl\"ockner, Frank Oliver},
  date = {2014-01},
  journaltitle = {Nucleic Acids Res.},
  volume = {42},
  pages = {D643--D648},
  issn = {1362-4962},
  doi = {10.1093/nar/gkt1209},
  issue = {D1},
  number = {D1}
}

@article{Zavodnik1998,
  title = {Seasonal Variations in the Rate of Photosynthetic Activity and Chemical Composition of the Seagrass {{{\emph{Cymodocea nodosa}}}} ({{Ucr}}.) {{Asch}}.},
  author = {Zavodnik, N. and Travizi, A. and de Rosa, S.},
  date = {1998-12},
  journaltitle = {Sci. Mar.},
  volume = {62},
  pages = {301--309},
  issn = {02148358},
  doi = {10.3989/scimar.1998.62n4301},
  issue = {4},
  keywords = {C. nodosa,Chemical composition,Production,Seasonal variations},
  number = {4},
  options = {useprefix=true}
}

@software{Zhu2019,
  title = {{{kableExtra}}: Construct Complex Table with 'kable' and Pipe Syntax},
  author = {Zhu, Hao},
  date = {2019}
}


